@misc{foundBTypes, 
	title={Foundations of Behavioural Types}, 
	howpublished = {\url{http://www.behavioural-types.eu/publications}}, 
	journal={behavioural-types}, 
	author={ H\"{u}ttel, Hans and Lanese, Ivan and Vasconcelos, Vasco T and Caires, Luís and Carbone, Marco and Deniélou, Pierre-Malo and Mostrous, Dimitris and Padovani, Luca and Ravara, António and Tuosto, Emilio and Vieira, Hugo Torres and Zavattaro, Gianluigi.},
	year = {2014}
}

@misc{paper1,
	title = {Type Based Analysis for Session Inference},
	author = {Spaccasassi, Carlo and Koutavas, Vasileios}
	}

@book{amtoft,
	title = {Type and Effect System - Behaviours for Concurrency},
	author = {Amtoft, Torben and Nielson, Flemming and Nielson, Hanne Riis},
	year = {1999},
	publisher = {Imperial College Press}
}

@paper{funcSess,
	title = {Haskell session types with (almost) no class},
	author ={Prucella, Riccardo and Tov, Jesse A},
	publisher= {ACM},
	year ={2008}
}

@paper{foundSessTypes,				
	title = {Foundations of session types},
	author = {Castagna, G and Dezani-Ciancaglini, M and Giachino, E and Padovani, L },
	journal = {ACM},
	year = {2009}
}

@misc{camlp4,
	author = {OCaml},
	howpublished = {\url{https://github.com/ocaml/camlp4/wiki}}
}

@misc{miniOcaml,
	author = {Toss Team},
	howpublished = {\url{http://toss.sourceforge.net/ocaml.html}},
	year = {2013}
}

@misc{menhirBlog,
	author = {Yan},
	howpublished = {\url{http://yansnotes.blogspot.ie/2014/11/menhir.html}},
	year = {2014}	
}

@book{realOcaml,
	title = {Real World OCaml},
	author = {Minsky, Yaron and Madhavapeddy, Anil and Hickey, Jason },
	year = {2013},
	publisher = {O'Reilly Media}
}

@misc{menhirRef,
	title = {Menhir Reference Manual},
	author = { Pottier, Fran\c{c}ois and   R\'{e}gis-Gianas, Yann},
	howpublished ={\url{http://pauillac.inria.fr/~fpottier/menhir/manual.pdf}},
}

@inbook{userTypes,
	title = {Functional programming using Caml Light},
	chapter = {6},
	howpublished ={\url{http://caml.inria.fr/pub/docs/fpcl/}},
}

@misc{ocamlLear,
	title = {OCaml Tutorials},
	howublished = {\url{https://ocaml.org/learn/}}
}

@misc{microComp,
	title = {Rewriting Micro Compiler in OCaml Using Ocamllex and Ocamlyacc},
	author = { Geurkov, Dmitry},
	howpublished = {\url{http://troydm.github.io/blog/2014/11/14/rewriting-micro-compiler-in-ocaml-using-ocamllex-and-ocamlyacc/}},
	year = {2015}
}
