@misc{foundBTypes, 
	title={Foundations of Behavioural Types}, 
	howpublished = {\url{http://www.behavioural-types.eu/publications}}, 
	journal={behavioural-types}, 
	author={ H\"{u}ttel, Hans and Lanese, Ivan and Vasconcelos, Vasco T and Caires, Luís and Carbone, Marco and Deniélou, Pierre-Malo and Mostrous, Dimitris and Padovani, Luca and Ravara, António and Tuosto, Emilio and Vieira, Hugo Torres and Zavattaro, Gianluigi.},
	year = {2014}
}

@misc{paper1,
	title = {Type Based Analysis for Session Inference},
	author = {Spaccasassi, Carlo and Koutavas, Vasileios}
	}

@book{amtoft,
	title = {Type and Effect System - Behaviours for Concurrency},
	author = {Amtoft, Torben and Nielson, Flemming and Nielson, Hanne Riis},
	year = {1999},
	publisher = {Imperial College Press}
}

@paper{funcSess,
	title = {Haskell session types with (almost) no class},
	author ={Prucella, Riccardo and Tov, Jesse A},
	publisher= {ACM},
	year ={2008}
}

@paper{foundSessTypes,
	title = {Foundations of session types},
	author = {Castagna, G and Dezani-Ciancaglini, M and Giachino, E and Padovani, L },
	journal = {ACM},
	year = {2009}
}

